%% This BibTeX bibliography file was created using BibDesk.
%% https://bibdesk.sourceforge.io/

%% Created for Thomas Tarler at 2020-04-21 12:50:38 -0600 


%% Saved with string encoding Unicode (UTF-8) 



@book{RLBook,
	Author = {Richard Sutton and Andrew Barto},
	Date-Added = {2020-04-19 12:56:47 -0600},
	Date-Modified = {2020-04-19 12:58:35 -0600},
	Edition = {2nd Edition},
	Publisher = {The MIT Press},
	Title = {Reinforcement Learning: An Introduction},
	Year = {2018}}

@conference{DDPG,
	Author = {Lillicrap, Timothy P.; Hunt, Jonathon J.; Pritzel, Alexander; Heess, Nicolas; Erez, Tom; Tassa, Yuva; Silver, David; Wierstra, Daan},
	Booktitle = {ICLR 2016},
	Date-Added = {2020-04-19 12:24:52 -0600},
	Date-Modified = {2020-04-19 12:27:17 -0600},
	Title = {Continuous Control with Deep Reinforcement Learning},
	Year = {2015}}



@article{DBLP:journals/corr/MnihKSGAWR13,
  author    = {Volodymyr Mnih and
               Koray Kavukcuoglu and
               David Silver and
               Alex Graves and
               Ioannis Antonoglou and
               Daan Wierstra and
               Martin A. Riedmiller},
  title     = {Playing Atari with Deep Reinforcement Learning},
  journal   = {CoRR},
  volume    = {abs/1312.5602},
  year      = {2013},
  url       = {http://arxiv.org/abs/1312.5602},
  archivePrefix = {arXiv},
  eprint    = {1312.5602},
  timestamp = {Mon, 13 Aug 2018 16:47:42 +0200},
  biburl    = {https://dblp.org/rec/journals/corr/MnihKSGAWR13.bib},
  bibsource = {dblp computer science bibliography, https://dblp.org}
}

