
@misc{DDPG,
    title={Continuous control with deep reinforcement learning},
    author={Timothy P. Lillicrap and Jonathan J. Hunt and Alexander Pritzel and Nicolas Heess and Tom Erez and Yuval Tassa and David Silver and Daan Wierstra},
    year={2015},
    eprint={1509.02971},
    archivePrefix={arXiv},
    primaryClass={cs.LG}
}


@book{RLBook,
	Author = {Richard Sutton and Andrew Barto},
	Date-Added = {2020-04-19 12:56:47 -0600},
	Date-Modified = {2020-04-19 12:58:35 -0600},
	Edition = {2nd Edition},
	Publisher = {The MIT Press},
	Title = {Reinforcement Learning: An Introduction},
	Year = {2018}}

@article{Grabbe:2005,
	Author={Grabbe, J. Orlin},
	Title = {An Introduction to Quantum Game Theory},
	Journal = {Arxiv: Quantum Physics},
	Month= apr,
	Year= {2005}}
	
@article{Guo:2008kd,
	Author = {Guo, Hong and Zhang, Juheng and Koehler, Gary J},
	Journal = {Decision Support Systems},
	Month = dec,
	Number = {1},
	Pages = {318--332},
	Title = {{A survey of quantum games}},
	Volume = {46},
	Year = {2008}}
	
@article{chen2008promotion,
	Author = {Chen, Xiaojie and Wang, Long},
	Journal = {Physical Review E},
	Number = {1},
	Pages = {017103},
	Title = {Promotion of cooperation induced by appropriate payoff aspirations in a small-world networked game},
	Volume = {77},
	Year = {2008}}
	
@article{fu2007evolutionary,
	Author = {Fu, Feng and Liu, L-H and Wang, Long},
	Journal = {The European Physical Journal B},
	Number = {4},
	Pages = {367--372},
	Title = {Evolutionary prisoner's dilemma on heterogeneous Newman-Watts small-world network},
	Volume = {56},
	Year = {2007}}


@article{Meyer:1999vs,
	Author = {Meyer, David A},
	Journal = {Physical Review Letters},
	Month = feb,
	Number = {5},
	Pages = {1052--1055},
	Title = {{Quantum Strategies}},
	Volume = {82},
	Year = {1999}}


@article{DBLP:journals/corr/MnihKSGAWR13,
  author    = {Volodymyr Mnih and
               Koray Kavukcuoglu and
               David Silver and
               Alex Graves and
               Ioannis Antonoglou and
               Daan Wierstra and
               Martin A. Riedmiller},
  title     = {Playing Atari with Deep Reinforcement Learning},
  journal   = {CoRR},
  volume    = {abs/1312.5602},
  year      = {2013},
  url       = {http://arxiv.org/abs/1312.5602},
  archivePrefix = {arXiv},
  eprint    = {1312.5602},
  timestamp = {Mon, 13 Aug 2018 16:47:42 +0200},
  biburl    = {https://dblp.org/rec/journals/corr/MnihKSGAWR13.bib},
  bibsource = {dblp computer science bibliography, https://dblp.org}
}


@article{DQN_22,
	Abstract = {An artificial agent is developed that learns to play a diverse range of classic Atari 2600 computer games directly from sensory experience, achieving a performance comparable to that of an expert human player; this work paves the way to building general-purpose learning algorithms that bridge the divide between perception and action.},
	Author = {Mnih, Volodymyr and Kavukcuoglu, Koray and Silver, David and Rusu, Andrei A. and Veness, Joel and Bellemare, Marc G. and Graves, Alex and Riedmiller, Martin and Fidjeland, Andreas K. and Ostrovski, Georg and Petersen, Stig and Beattie, Charles and Sadik, Amir and Antonoglou, Ioannis and King, Helen and Kumaran, Dharshan and Wierstra, Daan and Legg, Shane and Hassabis, Demis},
	Da = {2015/02/01},
	Date-Added = {2020-04-26 12:51:19 -0600},
	Date-Modified = {2020-04-26 12:51:45 -0600},
	Doi = {10.1038/nature14236},
	Id = {Mnih2015},
	Isbn = {1476-4687},
	Journal = {Nature},
	Number = {7540},
	Pages = {529--533},
	Title = {Human-level control through deep reinforcement learning},
	Ty = {JOUR},
	Url = {https://doi.org/10.1038/nature14236},
	Volume = {518},
	Year = {2015},
	Bdsk-Url-1 = {https://doi.org/10.1038/nature14236}
}

